@techreport{CMSCTDR,
  author = "G. L. Bayatyan et al.",
  title = {{CMS Computing Technical Design Report}},
  institution = "CERN",
  number = "CERN-LHCC-2005-023",
  year = "2005"
}

@misc{ROOT,
  howpublished = "\myurl{http://root.cern.ch}"
}


@misc{GEANT4,
  howpublished = "\myurl{http://geant4.cern.ch}"
}

@article{CMSDET,
      author         = "Chatrchyan, S. and others",
      title          = "{The CMS experiment at the CERN LHC}",
      collaboration  = "CMS Collaboration",
      journal        = "JINST",
      volume         = "3",
      pages          = "S08004",
      doi            = "10.1088/1748-0221/3/08/S08004",
      year           = "2008",
      SLACcitation   = "%%CITATION = JINST,3,S08004;%%",
}

@article{LHCPAPER,
      author         = "Evans, Lyndon and Bryant, Philip",
      title          = "{LHC Machine}",
      journal        = "JINST",
      volume         = "3",
      pages          = "S08001",
      doi            = "10.1088/1748-0221/3/08/S08001",
      year           = "2008",
      SLACcitation   = "%%CITATION = JINST,3,S08001;%%",
}

@misc{SLOCCOUNT,
  howpublished = "\myurl{http://www.dwheeler.com/sloccount/}"
}

@article{CMSHIGGS,
      author         = "Chatrchyan, S. and others",
      title          = "{Observation of a new boson at a mass of 125 GeV with the
                        CMS experiment at the LHC}",
      collaboration  = "CMS Collaboration",
      journal        = "Phys.Lett.",
      volume         = "B716",
      pages          = "30-61",
      doi            = "10.1016/j.physletb.2012.08.021",
      year           = "2012",
      eprint         = "1207.7235",
      archivePrefix  = "arXiv",
      primaryClass   = "hep-ex",
      reportNumber   = "CMS-HIG-12-028, CERN-PH-EP-2012-220",
      SLACcitation   = "%%CITATION = ARXIV:1207.7235;%%",
}

@article{ATLASHIGGS,
      author         = "Aad, G. and others",
      title          = "{Observation of a new particle in the search for the
                        Standard Model Higgs boson with the ATLAS detector at the
                        LHC}",
      collaboration  = "ATLAS Collaboration",
      journal        = "Phys.Lett.",
      volume         = "B716",
      pages          = "1-29",
      doi            = "10.1016/j.physletb.2012.08.020",
      year           = "2012",
      eprint         = "1207.7214",
      archivePrefix  = "arXiv",
      primaryClass   = "hep-ex",
      reportNumber   = "CERN-PH-EP-2012-218",
      SLACcitation   = "%%CITATION = ARXIV:1207.7214;%%",
}

@techreport{MONARC,
author="M. Aderholz \it{et al.}",
title = {Models of Networked Analysis at Regional Centres for LHC Experiments (MONARC) -- Phase 2 Report},
institution = "CERN",
number = "CERN/LCB 2000-001",
year = "2000"
}

@article{thegrid,
author="I. Foster, C. Kesselman and S. Tuecke",
title="The Anatomy of the Grid: Enabling Scalable Virtual Organizations",
journal="International Journal of High Performance Computing Applications",
volume="15",
pages="200-222",
number="3",
doi="10.1177/109434200101500302",
year="2001"
}

@misc{EGI,
howpublished="\myurl{http://www.egi.eu/}"
}

@article{ARC,
author="M. Ellert {\it et al.}",
title="Advanced Resource Connector middleware for lightweight computational Grids",
journal="Future Generation Computer Systems",
volume="23",
pages="219-240",
year="2007"
}

@article{OSG,
author="R. Pordes {\it et al.}",
title="The Open Science Grid",
journal="J. Phys. Conf. Ser.",
volume="78",
pages="012057",
year="2007",
url="http://dx.doi.org/10.1088/ 1742- 6596/78/1/012057"
}

@techreport{WLCG,
author="I. Bird {\it et al.}",
title="LHC Computing Grid: Technical Design Report",
year="2005",
institution = "CERN",
number = "CERN-LHCC-2005-024"
}
